%%%%%%%%%% MINIMUM WAGES AND LABOR %%%%%%%%%%%
%%%%%%%%%%%%%%%%%%%%%%%%%%%%%%%%%%%%%%%%%%%%%%

@article{NeumarkWascher2007,
  title={Minimum Wages and Employment},
  author={Neumark, David and Wascher, William L.},
  journal={Foundations and Trends{\textregistered} in Microeconomics},
  volume={3},
  number={1--2},
  pages={1--182},
  year={2007},
  publisher={Now Publishers, Inc.}
}

@article{Dube2019,
  title={Impacts of Minimum Wages: Review of the International Evidence},
  author={Dube, Arindrajit},
  journal={Independent Report to the UK Government},
  year={2019},
	howpublished = {\url{https://www.gov.uk/government/publications/impacts-of-minimum-wages-review-of-the-international-evidence}},
}

@article{Macurdy2015,
  title={How Effective Is the Minimum Wage at Supporting the Poor?},
  author={MaCurdy, Thomas},
  journal={Journal of Political Economy},
  volume={123},
  number={2},
  pages={497--545},
  year={2015},
  publisher={University of Chicago Press Chicago, IL}
}

@article{HarasztosiLidner2019,
  title={Who Pays for the Minimum Wage?},
  author={Harasztosi, P{\'e}ter and Lindner, Attila},
  journal={American Economic Review},
  volume={109},
  number={8},
  pages={2693--2727},
  year={2019}
}

@techreport{NeumarkShirley2021,
  title={Myth or Measurement: What Does the New Minimum Wage Research Say About Minimum Wages and Job Loss in the United States?},
  author={Neumark, David and Shirley, Peter},
  year={2021},
  institution={National Bureau of Economic Research}
}

@article{Lee1999,
	title={Wage Inequality in the United States During the 1980s: Rising Dispersion or Falling Minimum Wage?},
	author={Lee, David S.},
	journal={The Quarterly Journal of Economics},
	volume={114},
	number={3},
	pages={977--1023},
	year={1999},
	publisher={MIT Press}
}

@article{CardKrueger1994,
  title={Minimum Wages and Employment: A Case Study of the Fast-Food Industry in New Jersey and Pennsylvania},
  author={Card, David and Krueger, Alan B.},
  journal={American Economic Review},
  volume={84},
  number={4},
  pages={772--93},
  year={1994}
}

@article{card1992using,
	title={Using Regional Variation in Wages to Measure the Effects of the Federal Minimum Wage},
	author={Card, David},
	journal={Ilr Review},
	volume={46},
	number={1},
	pages={22--37},
	year={1992},
	publisher={SAGE Publications Sage CA: Los Angeles, CA}
}

@article{card2000minimum,
	title={Minimum Wages and Employment: a Case Study of the Fast-Food Industry in New Jersey and Pennsylvania: Reply},
	author={Card, David and Krueger, Alan B.},
	journal={American Economic Review},
	volume={90},
	number={5},
	pages={1397--1420},
	year={2000}
}

@article{Dube2019Income,
	title={Minimum Wages and the Distribution of Family Incomes},
	author={Dube, Arindrajit},
	journal={American Economic Journal: Applied Economics},
	volume={11},
	number={4},
	pages={268--304},
	year={2019}
}

@article{DubeEtAl2010,
	title={Minimum Wage Effects Across State Borders: Estimates Using Contiguous Counties},
	author={Dube, Arindrajit and Lester, T. William and Reich, Michael},
	journal={The Review of Economics and Statistics},
	volume={92},
	number={4},
	pages={945--964},
	year={2010},
	publisher={MIT Press}
}

@article{DubeNaiduReich2007,
  title={The Economic Effects of a Citywide Minimum Wage},
  author={Dube, Arindrajit and Naidu, Suresh and Reich, Michael},
  journal={ILR Review},
  volume={60},
  number={4},
  pages={522--543},
  year={2007},
  publisher={SAGE Publications Sage CA: Los Angeles, CA}
}

@article{SchmittRosnick2011,
  title={The Wage and Employment Impact of Minimum-Wage Laws in Three Cities},
  author={Schmitt, John and Rosnick, David},
  journal={Center for Economic and Policy Research},
  URL={http://www.cepr.net/documents/publications/min-wage-2011-03.pdf},
  year={2011}
}

@article{AutorEtAl2016,
	title={The Contribution of the Minimum Wage to US Wage Inequality Over Three Decades: a Reassessment},
	author={Autor, David and Manning, Alan and Smith, Christopher L.},
	journal={American Economic Journal: Applied Economics},
	volume={8},
	number={1},
	pages={58--99},
	year={2016}
}

@article{MeerWest2016,
	title={Effects of the Minimum Wage on Employment Dynamics},
	author={Meer, Jonathan and West, Jeremy},
	journal={Journal of Human Resources},
	volume={51},
	number={2},
	pages={500--522},
	year={2016},
	publisher={University of Wisconsin Press}
}

@article{CegnizEtAl2019,
	title={The Effect of Minimum Wages on Low-Wage Jobs},
	author={Cengiz, Doruk and Dube, Arindrajit and Lindner, Attila and Zipperer, Ben},
	journal={The Quarterly Journal of Economics},
	volume={134},
	number={3},
	pages={1405--1454},
	year={2019},
	publisher={Oxford University Press}
}

@article{Aaronson2001,
	title={Price Pass-Through and the Minimum Wage},
	author={Aaronson, Daniel},
	journal={Review of Economics and Statistics},
	volume={83},
	number={1},
	pages={158--169},
	year={2001},
	publisher={MIT Press}
}

@article{Alonso2020,
	title={Beyond Labor Market Outcomes The Impact of the Minimum Wage on Nondurable Consumption},
	author={Alonso, Cristian},
	journal={Journal of Human Resources},
	pages={0518--9524R2},
	year={2020},
	publisher={University of Wisconsin Press}
}

@article{VaghulZipperer2016,
  title={Historical State and Sub-State Minimum Wage Data},
  author={Vaghul, Kavya and Zipperer, Ben},
  journal={Washington Center for Equitable Growth Working Paper},
  volume={90716},
  year={2016}
}

@article{DubeLesterReich2016,
  title={Minimum Wage Shocks, Employment Flows, and Labor Market Frictions},
  author={Dube, Arindrajit and Lester, T. William and Reich, Michael},
  journal={Journal of Labor Economics},
  volume={34},
  number={3},
  pages={663--704},
  year={2016},
  publisher={University of Chicago Press Chicago, IL}
}

@techreport{Jardim2017,
  title={Minimum Wage Increases, Wages, and Low-Wage Employment: Evidence From Seattle},
  author={Jardim, Ekaterina and Long, Mark C. and Plotnick, Robert and Van Inwegen, Emma and Vigdor, Jacob and Wething, Hilary},
  year={2017},
  institution={National Bureau of Economic Research}
}

@article{Clemens2021,
  title={How Do Firms Respond to Minimum Wage Increases? Understanding the Relevance of Non-Employment Margins},
  author={Clemens, Jeffrey},
  journal={Journal of Economic Perspectives},
  volume={35},
  number={1},
  pages={51--72},
  year={2021}
}

@article{DubeLindner2021,
  title={City Limits: What Do Local-Area Minimum Wages Do?},
  author={Dube, Arindrajit and Lindner, Attila},
  journal={Journal of Economic Perspectives},
  volume={35},
  number={1},
  pages={27--50},
  year={2021}
}

@article{DracaMachinVanreenen2011,
  title={Minimum Wages and Firm Profitability},
  author={Draca, Mirko and Machin, Stephen and Van Reenen, John},
  journal={American Economic Journal: Applied Economics},
  volume={3},
  number={1},
  pages={129--51},
  year={2011}
}

@article{DustmannEtAl2022,
  title={Reallocation Effects of the Minimum Wage},
  author={Dustmann, Christian and Lindner, Attila and Sch{\"o}nberg, Uta and Umkehrer, Matthias and Vom Berge, Philipp},
  journal={The Quarterly Journal of Economics},
  volume={137},
  number={1},
  pages={267--328},
  year={2022},
  publisher={Oxford University Press}
}

%%%%%%%%%% MINIMUM WAGES AND SPATIAL %%%%%%%%%%%
%%%%%%%%%%%%%%%%%%%%%%%%%%%%%%%%%%%%%%%%%%%%%%%%

@article{Cadena2014,
  title={Recent Immigrants as Labor Market Arbitrageurs: Evidence From the Minimum Wage},
  author={Cadena, Brian C.},
  journal={Journal of Urban Economics},
  volume={80},
  pages={1--12},
  year={2014},
  publisher={Elsevier}
}

@article{Hughes2020,
  title={Housing Demand and Affordability for Low-Wage Households: Evidence from Minimum Wage Changes},
  author={Hughes, Samuel},
  journal={Available at SSRN 3541813},
  year={2020}
}

@article{PerezPerez2021,
  title={City Minimum Wages and Spatial Equilibrium Effects},
  author={P{\'e}rez P{\'e}rez, Jorge},
  journal={SocArXiv preprint}, 
  URL={https://osf.io/preprints/socarxiv/fpx9e/},
  year={2021},
  doi={10.31235/osf.io/fpx9e}
}

@article{Tidemann2018,
  title={Minimum Wages, Spatial Equilibrium, and Housing Rents},
  author={Tidemann, Krieg},
  journal={Job Market Paper},
  year={2018}
}

@article{AgarwalEtAl2021,
  title={Minimum Wage Increases and Eviction Risk},
  author={Agarwal, Sumit and Ambrose, Brent W. and Diop, Moussa},
  journal={Journal of Urban Economics},
  pages={103421},
  year={2021},
  publisher={Elsevier}
}

@techreport{Yamagishi2019,
  title={Minimum Wages and Housing Rents: Theory and Evidence from Two Countries},
  author={Yamagishi, Atsushi},
  journal={Available at SSRN 3282661},
  year={2019},
  note={Accessed at \url{https://mpra.ub.uni-muenchen.de/94238/1/MPRA_paper_94238.pdf}}
}

@article{Yamagishi2021,
  title={Minimum Wages and Housing Rents: Theory and Evidence},
  author={Yamagishi, Atsushi},
  journal={Regional Science and Urban Economics},
  volume={87},
  pages={103649},
  year={2021},
  publisher={Elsevier}
}

@article{Monras2019,
  title={Minimum Wages and Spatial Equilibrium: Theory and Evidence},
  author={Monras, Joan},
  journal={Journal of Labor Economics},
  volume={37},
  number={3},
  pages={853--904},
  year={2019},
  publisher={University of Chicago Press Chicago, IL}
}

@article{KatzKrueger1992effect,
	title={The Effect of the Minimum Wage on the Fast-Food Industry},
	author={Katz, Lawrence F. and Krueger, Alan B.},
	journal={ILR Review},
	volume={46},
	number={1},
	pages={6--21},
	year={1992},
	publisher={SAGE Publications Sage CA: Los Angeles, CA}
}
@article{Mckinnish2017,
	title={Cross-State Differences in the Minimum Wage and Out-of-State Commuting by Low-Wage Workers},
	author={McKinnish, Terra},
	journal={Regional Science and Urban Economics},
	volume={64},
	pages={137--147},
	year={2017},
	publisher={Elsevier}
}

%%%%%%% MIN WAGE AND PRICES %%%%%%%%%
%%%%%%%%%%%%%%%%%%%%%%%%%%%%%%%%%%%%%
@article{Leung2021,
  title={Minimum Wage and Real Wage Inequality: Evidence From Pass-Through to Retail Prices},
  author={Leung, Justin H.},
  journal={Review of Economics and Statistics},
  volume={103},
  number={4},
  pages={754--769},
  year={2021}
}

@article{AllegrettoReich2018,
	title={Are Local Minimum Wages Absorbed by Price Increases? Estimates From Internet-Based Restaurant Menus},
	author={Allegretto, Sylvia and Reich, Michael},
	journal={ILR Review},
	volume={71},
	number={1},
	pages={35--63},
	year={2018},
	publisher={SAGE Publications Sage CA: Los Angeles, CA}
}

@article{RenkinEtAl2020,
  title={The Pass-Through of Minimum Wages Into US Retail Prices: Evidence From Supermarket Scanner Data},
  author={Renkin, Tobias and Montialoux, Claire and Siegenthaler, Michael},
  journal={The Review of Economics and Statistics},
  pages={1--99},
  year={2020}
}


%%%%%%%%%%%%%% LABOR %%%%%%%%%%%%%%%
%%%%%%%%%%%%%%%%%%%%%%%%%%%%%%%%%%%%

@techreport{DinardoEtAl1995,
  title={Labor Market Institutions and the Distribution of Wages, 1973-1992: A Semiparametric Epproach},
  author={DiNardo, John and Fortin, Nicole M. and Lemieux, Thomas},
  year={1995},
  institution={National Bureau of Economic Research}
}

@article{Diamond2016,
  title={The Determinants and Welfare Implications of US Workers' Diverging Location Choices by Skill: 1980-2000},
  author={Diamond, Rebecca},
  journal={American Economic Review},
  volume={106},
  number={3},
  pages={479--524},
  year={2016}
}

@book{AcemogluAutor2011lectures,
  title={Lectures in Labor Economics},
  author={Acemoglu, Daron and Autor, David},
  year={2011},
  publisher={Unpublished},
  note={Accessed at \url{https://economics.mit.edu/files/4689}}
}

%%%%%%%%%%% PLACE BASED %%%%%%%%%%%%
%%%%%%%%%%%%%%%%%%%%%%%%%%%%%%%%%%%%

@article{Shirley2018,
  title={The Response of Commuting Patterns to Cross-Border Policy Differentials: Evidence From the American Community Survey},
  author={Shirley, Peter},
  journal={Regional Science and Urban Economics},
  volume={73},
  pages={1--16},
  year={2018},
  publisher={Elsevier}
}

@article{KlineMoretti2014,
title = {People, Places, and Public Policy: Some Simple Welfare Economics of Local Economic Development Programs},
author = {Kline, Patrick and Moretti, Enrico},
journal = {Annual Review of Economics},
volume = {6},
number = {1},
pages = {629-662},
year = {2014},
doi = {10.1146/annurev-economics-080213-041024},
}

@article{HsiehMoretti2019,
  title={Housing Constraints and Spatial Misallocation},
  author={Hsieh, Chang-Tai and Moretti, Enrico},
  journal={American Economic Journal: Macroeconomics},
  volume={11},
  number={2},
  pages={1--39},
  year={2019}
}

%%%%%%%%%%%%%% URBAN %%%%%%%%%%%%%%%
%%%%%%%%%%%%%%%%%%%%%%%%%%%%%%%%%%%%

@article{Rosen1979,
  title={Wage-Based Indexes of Urban Quality of Life},
  author={Rosen, Sherwin},
  journal={Current Issues in Urban Economics},
  pages={74--104},
  year={1979},
  publisher={Johns Hopkins Univ. Press}
}

@article{Roback1982,
  title={Wages, Rents, and the Quality of Life},
  author={Roback, Jennifer},
  journal={Journal of Political Economy},
  volume={90},
  number={6},
  pages={1257--1278},
  year={1982},
  publisher={University of Chicago Press Chicago, IL}
}

@article{Brueckner1987,
  title={The Structure of Urban Equilibria: A Unified Treatment of the Muth-Mills Model},
  author={Brueckner, Jan K. and others},
  journal={Handbook of Regional and Urban Economics},
  volume={2},
  number={20},
  pages={821--845},
  year={1987}
}

@techreport{BayerEtAl2004,
  title={An Equilibrium Model of Sorting in an Urban Housing Market},
  author={Bayer, Patrick and McMillan, Robert and Rueben, Kim},
  year={2004},
  institution={National Bureau of Economic Research}
}

@article{DesmetRossihansberg2013,
  title={Urban Accounting and Welfare},
  author={Desmet, Klaus and Rossi-Hansberg, Esteban},
  journal={American Economic Review},
  volume={103},
  number={6},
  pages={2296--2327},
  year={2013}
}

@article{Diamond2016,
  title={The determinants and welfare implications of US workers' diverging location choices by skill: 1980-2000},
  author={Diamond, Rebecca},
  journal={American Economic Review},
  volume={106},
  number={3},
  pages={479--524},
  year={2016}
}

@techreport{BilalRossihansberg2018,
  title={Location as an Asset},
  author={Bilal, Adrien and Rossi-Hansberg, Esteban},
  year={2018},
  institution={National Bureau of Economic Research}
}

@techreport{CoutureEtAl2019,
  title={Income Growth and the Distributional Effects of Urban Spatial Sorting},
  author={Couture, Victor and Gaubert, Cecile and Handbury, Jessie and Hurst, Erik},
  year={2019},
  institution={National Bureau of Economic Research}
}

@article{AlmagroDominguez2019,
  title={Location Sorting and Endogenous Amenities: Evidence from Amsterdam},
  author={Almagro, Milena and Dom{\i}nguez-Iino, Tom{\'a}s},
  year={2019},
  publisher={Unpublished manuscript}
}

@techreport{BergmanEtAl2019,
	title={Creating Moves to Opportunity: Experimental Evidence on Barriers to Neighborhood Choice},
	author={Bergman, Peter and Chetty, Raj and DeLuca, Stefanie and Hendren, Nathaniel and Katz, Lawrence F. and Palmer, Christopher},
	year={2019},
	institution={National Bureau of Economic Research}
}

@article{AllenEtAl2020,
  title={Is Tourism Good for Locals? Evidence from Barcelona},
  author={Allen, Treb and Fuchs, Simon and Ganapati, Sharat and Graziano, Alberto and Madera, Rocio and Montoriol-Garriga, Judit},
  journal={Unpublished manuscript},
  year={2020}
}

@techreport{MiyauchiEtAl2021,
  title={Consumption Access and Agglomeration: Evidence from Smartphone Data},
  author={Miyauchi, Yuhei and Nakajima, Kentaro and Redding, Stephen J.},
  year={2021},
  institution={National Bureau of Economic Research}
}

%%%%%%%%%%% ECONOMETRICS %%%%%%%%%%%
%%%%%%%%%%%%%%%%%%%%%%%%%%%%%%%%%%%%

@article{ArellanoBond1991,
	title={Some Tests of Specification for Panel Data: Monte Carlo Evidence and an Application to Employment Equations},
	author={Arellano, Manuel and Bond, Stephen},
	journal={The Review of Economic Studies},
	volume={58},
	number={2},
	pages={277--297},
	year={1991},
	publisher={Wiley-Blackwell}
}

@incollection{ArellanoHonore2001,
	title={Panel Data Models: Some Recent Developments},
	author={Arellano, Manuel and Honor{\'e}, Bo},
	booktitle={Handbook of Econometrics},
	volume={5},
	pages={3229--3296},
	year={2001},
	publisher={Elsevier}
}

@article{AllegrettoDubeReichZipperer2017,
	title={{Credible Research Designs for Minimum Wage Studies: A Response to Neumark, Salas, and Wascher}},
	author={Allegretto, Sylvia and Dube, Arindrajit and Reich, Michael and Zipperer, Ben},
	journal={ILR Review},
	volume={70},
	number={3},
	pages={559--592},
	year={2017},
	publisher={SAGE Publications Sage CA: Los Angeles, CA}
}

@techreport{Roth2018,
  title={Pre-Test with Caution: Event-Study Estimates After Testing for Parallel Trends},
  author={Roth, Jonathan},
  journal={American Economic Review: Insights},
  year={Forthcoming}
}

@article{CallawaySantAnna2021,
  title={Difference-in-Differences With Multiple Time Periods},
  author={Callaway, Brantly and Sant’Anna, Pedro HC},
  journal={Journal of Econometrics},
  volume={225},
  number={2},
  pages={200--230},
  year={2021},
  publisher={Elsevier}
}

@article{CallawayEtAl2021,
  title={Difference-in-Differences With a Continuous Treatment},
  author={Callaway, Brantly and Goodman-Bacon, Andrew and Sant'Anna, Pedro HC},
  journal={arXiv preprint arXiv:2107.02637},
  year={2021}
}

@article{BorusyakJaravel2021,
  title={Revisiting Event Study Designs: Robust and Efficient Estimation},
  author={Borusyak, Kirill and Jaravel, Xavier and Spiess, Jann},
  journal={arXiv preprint arXiv:2108.12419},
  year={2021}
}

@article{Hainmueller2012,
  title={Entropy Balancing for Causal Effects: A Multivariate Reweighting Method to Produce Balanced Samples in Observational Studies},
  author={Hainmueller, Jens},
  journal={Political Analysis},
  pages={25--46},
  year={2012},
  publisher={JSTOR}
}

@article{Hainmueller2013,
  title={Ebalance: A Stata Package for Entropy Balancing},
  author={Hainmueller, Jens and Xu, Yiqing},
  journal={Journal of Statistical Software},
  volume={54},
  number={7},
  year={2013}
}

@article{RothEtAl2022,
  title={What's Trending in Difference-in-Differences? A Synthesis of the Recent Econometrics Literature},
  author={Roth, Jonathan and Sant'Anna, Pedro HC and Bilinski, Alyssa and Poe, John},
  journal={arXiv preprint arXiv:2201.01194},
  year={2022}
}

@techreport{deChaisemartinEtAl2022,
  title={Two-way Fixed Effects and Differences-in-Differences with Heterogeneous Treatment Effects: A Survey},
  author={Cl{\'e}ment {de Chaisemartin} and Xavier {D'Haultfoeuille}},
  year={2022},
  institution={National Bureau of Economic Research}
}

@article{Fuest2018,
	title={Do Higher Corporate Taxes Reduce Wages? Micro Evidence From Germany},
	author={Fuest, Clemens and Peichl, Andreas and Siegloch, Sebastian},
	journal={American Economic Review},
	volume={108},
	number={2},
	pages={393--418},
	year={2018}
}

@article{Suarez2016,
	title={Who Benefits From State Corporate Tax Cuts? A Local Labor Markets Approach With Heterogeneous Firms},
	author={Su{\'a}rez Serrato, Juan Carlos and Zidar, Owen},
	journal={American Economic Review},
	volume={106},
	number={9},
	pages={2582--2624},
	year={2016}
} 


%%%%%%%%%%%% SPILLOVERS %%%%%%%%%%%%
%%%%%%%%%%%%%%%%%%%%%%%%%%%%%%%%%%%%

@article{Kuehn2016,
  title={Spillover Bias in Cross-Border Minimum Wage Studies: Evidence From a Gravity Model},
  author={Kuehn, Daniel},
  journal={Journal of Labor Research},
  volume={37},
  number={4},
  pages={441--459},
  year={2016},
  publisher={Springer}
}

@article{Huang2020,
  title={Cross-Border Spillover Effects of State Increases in Minimum Wages},
  author={Huang, Chen},
  journal={Available at SSRN 3888842},
  year={2020}
}

@article{DelgadoFlorax2015,
  title={Difference-in-Differences Techniques for Spatial Data: Local Autocorrelation and Spatial Interaction},
  author={Delgado, Michael S. and Florax, Raymond JGM},
  journal={Economics Letters},
  volume={137},
  pages={123--126},
  year={2015},
  publisher={Elsevier}
}

@article{Butts2021,
  title={Difference-in-Differences Estimation with Spatial Spillovers},
  author={Butts, Kyle},
  journal={arXiv preprint arXiv:2105.03737},
  year={2021}
}

@article{AronowSamii2013,
  title={Estimating Average Causal Effects Under Interference Between Units},
  author={Aronow, Peter M. and Samii, Cyrus},
  journal={arXiv preprint arXiv:1305.6156},
  volume={3},
  number={4},
  pages={16},
  year={2013},
  publisher={Citeseer}
}

%%%%%%%%%%%%%% HOUSING %%%%%%%%%%%%%
%%%%%%%%%%%%%%%%%%%%%%%%%%%%%%%%%%%%
@article{Fernald2020,
	title={Americas Rental Housing 2020},
	author={Fernald, M.},
	journal={Joint Center for Housing Studies of Harvard University, Cambridge, MA},
	year={2020}
}

%%%%%%%%%%%%%%% MISC %%%%%%%%%%%%%%%
%%%%%%%%%%%%%%%%%%%%%%%%%%%%%%%%%%%%
@misc{realestateagentpdx,
	title = {Top 10 Real Estate Websites by Traffic – 2020 Update},
	author = {Real Estate Agent PDX},
	URL = {https://realestateagentpdx.com/top-10-real-estate-websites-by-traffic-2020-update/16956},
	year={2020},
	note = {Accessed: 2020-11-01}
}

@misc{investopedia,
	title = {The 7 Best Real Estate Websites of 2020},
	author = {Investopedia},
	URL = {https://www.investopedia.com/best-real-estate-websites-5069964#citation-1},
	year={2020},
	note = {Accessed: 2020-11-01}
}

@misc{ZillowData,
	title = {Zillow Research Data},
	author = {Zillow},
	howpublished = {\url{https://www.zillow.com/research/data/}},
	year={2020},
	note = {Accessed: 2020-02-15}
}

@misc{ZillowDataArchive,
	title = {Zillow Research Data, February 2020 snapshot},
	author = {{Internet Archive}},
	howpublished = {\url{https://web.archive.org/web/20200222220950/https://www.zillow.com/research/data/}},
	year = {2021},
	note = {Accessed: 2022-01-09}
}

@misc{ESRI,
  title = {Shapefile Layer Package USA ZIP Code Areas 2020},
  author = {ESRI},
  howpublished = {\url{https://www.arcgis.com/home/item.html?id=8d2012a2016e484dafaac0451f9aea24}},
  year={2020},
  note = {Accessed: 2021-01-09}
}

@misc{UDSMapper,
	title = {ZIP Code to ZCTA Crosswalk for the 2019 UDS Report Data},
	author = {{UDS Mapper}},
	howpublished = {\url{https://udsmapper.org/zip-code-to-zcta-crosswalk/}},
	year={2020},
	note = {Accessed: 2020-02-15}
}

@misc{ZillowFacts,
	title = {Zillow Facts and Figures},
	author = {Zillow},
	howpublished = {\url{https://www.zillowgroup.com/facts-figures/}},
	year={2020},
	note = {Accessed: 2020-10-23}
}

@misc{QCEWhandbook,
	title = {Quarterly Census of Employment and Wages, Handbook of Concepts},
  author = {{US Bureau of Labor Statistics}},
	howpublished = {\url{https://www.bls.gov/opub/hom/cew/pdf/cew.pdf}},
	year={2020},
	note = {Accessed: 2021-01-02}
}

@misc{QCEW,
  title = {Quarterly Census of Employment and Wages},
  author = {{US Bureau of Labor Statistics}},
  howpublished = {\url{https://www.bls.gov/cew/downloadable-data-files.htm}},
  year={2020},
  note = {Accessed: 2020-05-10}
}

@misc{IRS,
  title = {SOI Tax Stats - Individual Income Tax Statistics - ZIP Code Data (SOI)},
  author = {{Internal Revenue System}},
  howpublished = {\url{https://www.irs.gov/statistics/soi-tax-stats-individual-income-tax-statistics-zip-code-data-soi}},
  year={2022},
  note = {Accessed: 2022-02-03}
}

@misc{IRSfulltime,
  title = {Identifying Full-time Employees},
  author = {{Internal Revenue System}},
  howpublished = {\url{https://www.irs.gov/affordable-care-act/employers/identifying-full-time-employees}},
  year={2022},
  note = {Accessed: 2022-03-01}
}

@misc{CensusLODES,
  title = {LEHD Origin-Destination Employment Statistics Data (2009-2018) [version 7]},
  author = {{US Census Bureau}},
  howpublished = {US Census Bureau, Longitudinal-Employer Household Dynamics Program. \url{https://lehd.ces.census.gov/data/}},
  year = {2021},
  note = {Accessed: 2021-10-03}
}

@misc{CensusACS,
  title = {American Community Survey 5-year Data 2007-2011},
  author = {{US Census Bureau}},
  howpublished = {\url{https://www.census.gov/data/developers/data-sets/acs-5year.html}},
  year = {2022},
  note = {Accessed: 2022-03-01}
}

@misc{CensusDecennial,
  title = {Decennial Census Data 2010},
  author = {{US Census Bureau}},
  howpublished = {\url{https://www.census.gov/data/developers/data-sets/decennial-census.html}},
  year = {2022},
  note = {Accessed: 2022-03-01}
}

@misc{cbTiger,
	title = {Special Release - Census Blocks with Population and Housing Counts},
	author = {{US Census Bureau}},
	howpublished = {\url{https://www.census.gov/geographies/mapping-files/2010/geo/tiger-line-file.html}},
	year = {2012},
	note = {Accessed: 2022-02-10}
}

@misc{hudPreamble,
	title = {Federal Register},
	author = {{US Department of Housing and Urban Development}},
	volume = {82},
	number = {169},
	howpublished = {\url{https://www.huduser.gov/portal/datasets/fmr/fmr2018/FY2018-FMR-Preamble.pdf}},
	year = {2017}
}

@misc{hudSAFMR,
  title = {Small Area Fair Market Rents},
  author = {{US Department of Housing and Urban Development}},
  howpublished = {\url{https://www.huduser.gov/portal/datasets/fmr.html}},
  year = {2020},
  note = {Accessed: 2020-03-10}
}


@misc{hudCrosswalks,
	title = {USPS ZIP code crosswalk files},
	author = {{US Department of Housing and Urban Development}},
	howpublished = {\url{https://www.huduser.gov/portal/datasets/usps_crosswalk.html}},
	year = {2022},
	note = {Accessed: 2022-02-10}
}

@misc{hudHousing,
  title = {Assisted Housing: National and Local - ZIP code level data based on Census 2010 geographies},
  author = {{US Department of Housing and Urban Development}},
  howpublished = {\url{https://www.huduser.gov/portal/datasets/assthsg.html}},
  year = {2022},
  note = {Accessed: 2022-02-10}
}


@misc{case,
  title = {Case-Shiller 20-City Composite Home Price Index},
  author = {Federal Reserve Bank of St. Louis},
  howpublished = {\url{https://fred.stlouisfed.org/series/SPCS20RSA}},
  year = {2020},
  note = {Accessed: 2020-03-10}
}

@book{wooldridge2010,
  title={Econometric analysis of cross section and panel data},
  author={Wooldridge, Jeffrey M.},
  year={2010},
  publisher={MIT press}
}

@article{granger1969,
  title={Investigating causal relations by econometric models and cross-spectral methods},
  author={Granger, Clive WJ},
  journal={Econometrica: journal of the Econometric Society},
  pages={424--438},
  year={1969},
  publisher={JSTOR}
}

@book{AngristPischke2009,
  title={Mostly Harmless Econometrics: An Empiricist's Companion},
  author={Angrist, Joshua D. and Pischke, J{\"o}rn-Steffen},
  year={2009},
  publisher={Princeton University Press}
}

@misc{BerkeleyLaborCenter,
	author = {{UC Berkeley Labor Center}},
	title = {Inventory of US City and County Minimum Wage Ordinances},
	year = {2020},
	howpublished = {\url{https://laborcenter.berkeley.edu/inventory-of-us-city-and-county-minimum-wage-ordinances/}},
	note = {Accessed: 2020-04-05}
}

@misc{MinWorkersReportBLS,
	title={Characteristics of minimum wage workers, 2019},
	author={{US Bureau of Labor Statistics}},
	institution={United States Department of Labor},
	year={2020},
	howpublished = {\url{https://www.bls.gov/opub/reports/minimum-wage/2019/home.htm}},
	note = {Accessed: 2020-11-01}
}

@misc{ahs2020,
	title={American Housing Survey 2011 and 2013},
	author={{US Census Bureau}},
	institution={United States Department of Housing and Urban Development (HUD)},
	year={2020},
	howpublished = {\url{https://www.census.gov/programs-surveys/ahs.html}},
	note = {Accessed: 2022-06-01}
}

@misc{SafmrReport2018,
	title={Small Area Fair Market Rent Demonstration Evaluation},
	author={{Office of Policy Development and Research}},
	institution={United States Department of Housing and Urban Development (HUD)},
	year={2018},
	howpublished = {\url{https://www.huduser.gov/portal/sites/default/files/pdf/SAFMR-Evaluation-Final-Report.pdf}},
	note = {Accessed: 2022-06-06}
}
