
@article{AngristImbens1995,
  title={Two-stage least squares estimation of average causal effects in models with variable treatment intensity},
  author={Angrist, Joshua D and Imbens, Guido W},
  journal={Journal of the American statistical Association},
  volume={90},
  number={430},
  pages={431--442},
  year={1995},
  publisher={Taylor \& Francis}
}

@article{CallawayEtAl2021,
  title={Difference-in-differences with a continuous treatment},
  author={Callaway, Brantly and Goodman-Bacon, Andrew and Sant'Anna, Pedro HC},
  journal={arXiv preprint arXiv:2107.02637},
  year={2021}
}
