
%%%%%%%%%% MINIMUM WAGES AND LABOR %%%%%%%%%%%
%%%%%%%%%%%%%%%%%%%%%%%%%%%%%%%%%%%%%%%%%%%%%%

@article{Lee1999,
	title={Wage inequality in the United States during the 1980s: Rising dispersion or falling minimum wage?},
	author={Lee, David S},
	journal={The Quarterly Journal of Economics},
	volume={114},
	number={3},
	pages={977--1023},
	year={1999},
	publisher={MIT Press}
}

@article{CardKrueger2000,
  title={Minimum wages and employment: a case study of the fast-food industry in New Jersey and Pennsylvania: reply},
  author={Card, David and Krueger, Alan B},
  journal={American Economic Review},
  volume={90},
  number={5},
  pages={1397--1420},
  year={2000}
}

@techreport{Neumark2006,
title={Minimum wages and employment: A review of evidence from the new minimum wage research},
author={Neumark, David and Wascher, William},
year={2006},
institution={National Bureau of Economic Research}
}

@article{DubeEtAl2010,
	title={Minimum wage effects across state borders: Estimates using contiguous counties},
	author={Dube, Arindrajit and Lester, T William and Reich, Michael},
	journal={The review of economics and statistics},
	volume={92},
	number={4},
	pages={945--964},
	year={2010},
	publisher={MIT Press}
}

@article{AutorEtAl2016,
	title={The contribution of the minimum wage to US wage inequality over three decades: a reassessment},
	author={Autor, David, and Manning, Alan and Smith, Christopher L},
	journal={American Economic Journal: Applied Economics},
	volume={8},
	number={1},
	pages={58--99},
	year={2016}
}

@article{MeerWest2016,
	title={Effects of the minimum wage on employment dynamics},
	author={Meer, Jonathan and West, Jeremy},
	journal={Journal of Human Resources},
	volume={51},
	number={2},
	pages={500--522},
	year={2016},
	publisher={University of Wisconsin Press}
}

@article{CegnizEtAl2019,
	title={The effect of minimum wages on low-wage jobs},
	author={Cengiz, Doruk and Dube, Arindrajit and Lindner, Attila and Zipperer, Ben},
	journal={The Quarterly Journal of Economics},
	volume={134},
	number={3},
	pages={1405--1454},
	year={2019},
	publisher={Oxford University Press}
}



@article{VaghulZipperer2016,
  title={Historical state and sub-state minimum wage data},
  author={Vaghul, Kavya and Zipperer, Ben},
  journal={Washington Center for Equitable Growth Working Paper},
  volume={90716},
  year={2016}
}

@article{dube2016minimum,
  title={Minimum wage shocks, employment flows, and labor market frictions},
  author={Dube, Arindrajit and Lester, T William and Reich, Michael},
  journal={Journal of Labor Economics},
  volume={34},
  number={3},
  pages={663--704},
  year={2016},
  publisher={University of Chicago Press Chicago, IL}
}

@techreport{jardim2017minimum,
  title={Minimum wage increases, wages, and low-wage employment: Evidence from Seattle},
  author={Jardim, Ekaterina and Long, Mark C and Plotnick, Robert and Van Inwegen, Emma and Vigdor, Jacob and Wething, Hilary},
  year={2017},
  institution={National Bureau of Economic Research}
}

%%%%%%%%%% MINIMUM WAGES AND SPATIAL %%%%%%%%%%%
%%%%%%%%%%%%%%%%%%%%%%%%%%%%%%%%%%%%%%%%%%%%%%%%

@article{PerezPerez2018,
  title={City Minimum Wages},
  author={P{\'e}rez P{\'e}rez, Jorge},
  journal={Job Market Paper, Brown University}, 
  URL={http://jorgeperezperez. com/files/Jorge\_Perez\_JMP.pdf},
  year={2018}
}

@article{Tidemann2018,
  title={Minimum Wages, Spatial Equilibrium, and Housing Rents},
  author={Tidemann, Krieg},
  journal={Job Market Paper},
  year={2018}
}

@article{AgarwalEtAl2019,
  title={Do minimum wage increases benefit intended households? Evidence from the performance of residential leases},
  author={Agarwal, Sumit and Ambrose, Brent W and Diop, Moussa},
  journal={Evidence from the Performance of Residential Leases (February 15, 2019)},
  year={2019}
}

@article{Yamagishi2019,
  title={Minimum Wages and Housing Rents: Theory and Evidence from Two Countries},
  author={Yamagishi, Atsushi},
  journal={Available at SSRN 3282661},
  year={2019}
}

@article{Yamagishi2020,
	title={Minimum Wages and Housing Rents: Theory and Evidence},
	author={Yamagishi, Atsushi},
	journal={Available at SSRN 3282661},
	year={2020}
}

@article{Monras2019,
  title={Minimum wages and spatial equilibrium: Theory and evidence},
  author={Monras, Joan},
  journal={Journal of Labor Economics},
  volume={37},
  number={3},
  pages={853--904},
  year={2019},
  publisher={The University of Chicago Press Chicago, IL}
}

%%%%%%%%%%%%%% LABOR %%%%%%%%%%%%%%%
%%%%%%%%%%%%%%%%%%%%%%%%%%%%%%%%%%%%

@techreport{dinardo1995labor,
  title={Labor market institutions and the distribution of wages, 1973-1992: A semiparametric approach},
  author={DiNardo, John and Fortin, Nicole M and Lemieux, Thomas},
  year={1995},
  institution={National bureau of economic research}
}

@article{Diamond2016,
  title={The determinants and welfare implications of US workers' diverging location choices by skill: 1980-2000},
  author={Diamond, Rebecca},
  journal={American Economic Review},
  volume={106},
  number={3},
  pages={479--524},
  year={2016}
}

%%%%%%%%%%%%%% URBAN %%%%%%%%%%%%%%%
%%%%%%%%%%%%%%%%%%%%%%%%%%%%%%%%%%%%

@article{rosen1979wage,
  title={Wage-based indexes of urban quality of life},
  author={Rosen, Sherwin},
  journal={Current issues in urban economics},
  pages={74--104},
  year={1979},
  publisher={Johns Hopkins Univ. Press}
}

@article{roback1982wages,
  title={Wages, rents, and the quality of life},
  author={Roback, Jennifer},
  journal={Journal of political Economy},
  volume={90},
  number={6},
  pages={1257--1278},
  year={1982},
  publisher={The University of Chicago Press}
}

@article{Brueckner1987,
  title={The structure of urban equilibria: A unified treatment of the Muth-Mills model},
  author={Brueckner, Jan K and others},
  journal={Handbook of regional and urban economics},
  volume={2},
  number={20},
  pages={821--845},
  year={1987}
}

@techreport{bayer2004equilibrium,
  title={An equilibrium model of sorting in an urban housing market},
  author={Bayer, Patrick and McMillan, Robert and Rueben, Kim},
  year={2004},
  institution={National Bureau of Economic Research}
}

@article{desmet2013urban,
  title={Urban accounting and welfare},
  author={Desmet, Klaus and Rossi-Hansberg, Esteban},
  journal={American Economic Review},
  volume={103},
  number={6},
  pages={2296--2327},
  year={2013}
}

@article{klinemoretti2014,
  title={People, places, and public policy: Some simple welfare economics of local economic development programs},
  author={Kline, Patrick and Moretti, Enrico},
  year={2014},
  publisher={Annual Reviews}
}

@techreport{bilal2018location,
  title={Location as an Asset},
  author={Bilal, Adrien and Rossi-Hansberg, Esteban},
  year={2018},
  institution={National Bureau of Economic Research}
}

@techreport{heblich2018making,
  title={The making of the modern metropolis: evidence from London},
  author={Heblich, Stephan and Redding, Stephen J and Sturm, Daniel M},
  year={2018},
  institution={National Bureau of Economic Research}
}

@article{tsivanidis2018aggregate,
  title={The aggregate and distributional effects of urban transit infrastructure: Evidence from bogot{\'a}â€™s transmilenio},
  author={Tsivanidis, Nick},
  journal={Job Market Paper},
  year={2018}
}

@techreport{Couture2019,
  title={Income growth and the distributional effects of urban spatial sorting},
  author={Couture, Victor and Gaubert, Cecile and Handbury, Jessie and Hurst, Erik},
  year={2019},
  institution={National Bureau of Economic Research}
}

@article{almagro2019location,
  title={Location Sorting and Endogenous Amenities: Evidence from Amsterdam},
  author={Almagro, Milena and Dom{\i}nguez-Iino, Tom{\'a}s},
  year={2019}
}

@article{hughes2020housing,
  title={Housing Demand \& Affordability for Low-Wage Households: Evidence from Minimum Wage Changes},
  author={Hughes, Samuel},
  journal={Available at SSRN 3541813},
  year={2020}
}

%%%%%%%%%%%% MIGRATION %%%%%%%%%%%%%
%%%%%%%%%%%%%%%%%%%%%%%%%%%%%%%%%%%%

@article{cadena2014recent,
  title={Recent immigrants as labor market arbitrageurs: Evidence from the minimum wage},
  author={Cadena, Brian C},
  journal={Journal of urban Economics},
  volume={80},
  pages={1--12},
  year={2014},
  publisher={Elsevier}
}


@article{kennan2011effect,
  title={The effect of expected income on individual migration decisions},
  author={Kennan, John and Walker, James R},
  journal={Econometrica},
  volume={79},
  number={1},
  pages={211--251},
  year={2011},
  publisher={Wiley Online Library}
}

%%%%%%%%%%% ECONOMETRICS %%%%%%%%%%%
%%%%%%%%%%%%%%%%%%%%%%%%%%%%%%%%%%%%

@article{ArellanoBond1991,
	title={Some tests of specification for panel data: Monte Carlo evidence and an application to employment equations},
	author={Arellano, Manuel and Bond, Stephen},
	journal={The review of economic studies},
	volume={58},
	number={2},
	pages={277--297},
	year={1991},
	publisher={Wiley-Blackwell}
}


@article{abraham2018,
  title={Estimating dynamic treatment effects in event studies with heterogeneous treatment effects},
  author={Abraham, Sarah and Sun, Liyang},
  journal={Available at SSRN 3158747},
  year={2018}
}

@article{BorusyakJaravel2017,
  title={Revisiting event study designs},
  author={Borusyak, Kirill and Jaravel, Xavier},
  journal={Available at SSRN 2826228},
  year={2017}
}

@techreport{roth2018pre,
  title={Pre-test with caution: Event-study estimates after testing for parallel trends},
  author={Roth, Jonathan},
  year={2018},
  institution={Working Paper}
}

@article{callaway2019difference,
  title={Difference-in-differences with multiple time periods},
  author={Callaway, Brantly and Sant'Anna, Pedro HC},
  journal={Available at SSRN 3148250},
  year={2019}
}

@article{hainmueller2012entropy,
  title={Entropy balancing for causal effects: A multivariate reweighting method to produce balanced samples in observational studies},
  author={Hainmueller, Jens},
  journal={Political analysis},
  pages={25--46},
  year={2012},
  publisher={JSTOR}
}

@article{hainmueller2013ebalance,
  title={Ebalance: A Stata package for entropy balancing},
  author={Hainmueller, Jens and Xu, Yiqing},
  journal={Journal of Statistical Software},
  volume={54},
  number={7},
  year={2013}
}

%%%%%%%%%%%%%% HOUSING %%%%%%%%%%%%%
%%%%%%%%%%%%%%%%%%%%%%%%%%%%%%%%%%%%
@misc{jchs2020rentalreport,
  title = {America's Rental Housing 2020},
  author = {Joint Center for Housing Studies of Harvard Univeristy},
  shortauthor = {JCHS}, 
   year={2020},
}

%%%%%%%%%%%%%%% MISC %%%%%%%%%%%%%%%
%%%%%%%%%%%%%%%%%%%%%%%%%%%%%%%%%%%%

@misc{zillow,
  title = {Zillow Research Data},
  author = {Zillow},
  howpublished = {\url{https://www.zillow.com/research/data/}},
   year={2020},
  note = {Accessed: 2020-02-15}
}

@misc{bi,
  title = {The 16 cities where Americans struggle the most to pay rent},
  author = {Business Insider},
  howpublished = {\url{https://www.businessinsider.com/rent-prices-as-share-of-income-us-2018-9}},
   year={2018},
  note = {Accessed: 2020-05-15}
}

@misc{safegraph,
  title = {SafeGraph Data},
  author = {SafeGraph},
  howpublished = {\url{https://www.safegraph.com/}},
   year={2020},
  note = {Accessed: 2020-05-10}
}

@misc{hud,
  title = {Fair Market Rents},
  author = {US Department of Housing and Urban Development},
  howpublished = {\url{https://www.huduser.gov/portal/datasets/fmr.html}},
  year = {2020},
  note = {Accessed: 2020-03-10}
}

@misc{case,
  title = {Case-Shiller 20-City Composite Home Price Index},
  author = {Federal Reserve Bank of St. Louis},
  howpublished = {\url{https://fred.stlouisfed.org/series/SPCS20RSA}},
  year = {2020},
  note = {Accessed: 2020-03-10}
}

@book{wooldridge2010,
  title={Econometric analysis of cross section and panel data},
  author={Wooldridge, Jeffrey M},
  year={2010},
  publisher={MIT press}
}

@article{granger1969investigating,
  title={Investigating causal relations by econometric models and cross-spectral methods},
  author={Granger, Clive WJ},
  journal={Econometrica: journal of the Econometric Society},
  pages={424--438},
  year={1969},
  publisher={JSTOR}
}

@book{angrist2008mostly,
  title={Mostly harmless econometrics: An empiricist's companion},
  author={Angrist, Joshua D and Pischke, J{\"o}rn-Steffen},
  year={2008},
  publisher={Princeton university press}
}